<?xml version="1.0" encoding="UTF-8"?><collection xmlns="http://www.loc.gov/MARC21/slim"><record><leader>00371nam--2200133-i-4500</leader><controlfield tag="001">000040390</controlfield><controlfield tag="002">20161230</controlfield><controlfield tag="005">20161230201042</controlfield><controlfield tag="008">060222s1000------------r-----000-0-eng-d</controlfield><datafield ind1=" " ind2=" " tag="100"><subfield code="a">Savant,C.J</subfield></datafield><datafield ind1=" " ind2=" " tag="245"><subfield code="a">Fundamentals of the laplace transformation</subfield></datafield><datafield ind1=" " ind2=" " tag="260"><subfield code="a">New York, Mcgraw-hill Book Co.Inc.,1962. Ix + 229 P</subfield></datafield><datafield ind1=" " ind2=" " tag="852"><subfield code="a">18601</subfield><subfield code="c">517.63</subfield></datafield><datafield ind1=" " ind2=" " tag="CAT"><subfield code="a">Sys</subfield><subfield code="c">20080916</subfield><subfield code="h">084824</subfield></datafield></record></collection>